# https://www.bibme.org/apa

@inbook{batagelj_doreian_ferligoj_kejzar_2014,
  place     = {Chichester, United Kingdom},
  title     = {Line Cuts},
  booktitle = {Understanding Large Temporal Networks and Spatial Networks: Exploration, Pattern Searching, Visualization and Network Evolution},
  publisher = {John Wiley \& Sons},
  author    = {Batagelj, Vladimir and Doreian, Patrick and Ferligoj, Anuska and Kejzar, Natasa},
  year      = {2014},
  pages     = {139â€“141}
}
 
@misc{batagelj_ppt_2002,
  howpublished = {\url{http://vlado.fmf.uni-lj.si/pub/networks/pajek/howto/FirstSteps.PDF}},
  url          = {http://vlado.fmf.uni-lj.si/pub/networks/pajek/howto/FirstSteps.PDF},
  title        = {First Steps to Network Visualization with Pajek},
  publisher    = {University of Ljubljana, Slovenia},
  author       = {Batagelj, Vladimir},
  year         = {2002},
  month        = {May}
}

 @book{de_nooy_2018,
  place      = {Cambridge},
  edition    = {3},
  series     = {Structural Analysis in the Social Sciences},
  title      = {Exploratory Social Network Analysis with Pajek: Revised and Expanded Edition for Updated Software},
  doi        = {10.1017/9781108565691},
  publisher  = {Cambridge University Press},
  author     = {De Nooy, Wouter and Mrvar, Andrej and Batagelj, Vladimir},
  year       = {2018},
  collection = {Structural Analysis in the Social Sciences}
} 

 @book{manual2022,
  place     = {Ljubljana, Slovenia},
  edition   = {version 5.16},
  url       = {http://mrvar.fdv.uni-lj.si/pajek/pajekman.pdf},
  title     = {Programs for Analysis and Visualization of Very Large Networks. Reference Manual List of commands with short explanation},
  publisher = {University of Ljubljana, Slovenia},
  author    = {Mrvar, Andrej and Batagelj, Vladimir},
  year      = {2022}
} 
 @misc{pajek_workshop,
  howpublished = {\url{http://pierrefrancois.wifeo.com/documents/Tutoriel-Pajek---Slide-1.pdf}},
  url          = {http://pierrefrancois.wifeo.com/documents/Tutoriel-Pajek---Slide-1.pdf},
  title        = {Pajek Workshop},
  publisher    = {University of Ljubljana, Slovenia},
  author       = {Batagelj, Vladimir},
  year         = {2009},
  month        = {March}
} 
 @inbook{Pfeffer2019,
  author    = {Pfeffer, Jurgen and Freeman, Linton C.},
  title     = {Social Network Visualization, Methods of},
  booktitle = {Encyclopedia of Complexity and Systems Science},
  year      = {2019},
  publisher = {Springer Berlin Heidelberg},
  address   = {Berlin, Heidelberg},
  pages     = {1--25},
  isbn      = {978-3-642-27737-5},
  doi       = {10.1007/978-3-642-27737-5_496-2},
  url       = {https://doi.org/10.1007/978-3-642-27737-5_496-2}
} 
